@misc{RefWorks:42,
     year={2014},
     title={Biografías y Vidas, Andreas Vesalio o Vesalius [sede Web]},
     volume={2014},
     month={02/07},
     url={http://www.biografiasyvidas.com/biografia/v/vesalio.htm}
}
@misc{RefWorks:49,
     year={2014},
     title={Museo Nacional del Prado, Galería online. Cristo crucificado de Velázquez [sede Web]},
     volume={2014},
     month={02/04},
     url={https://www.museodelprado.es/coleccion/galeria-on-line/galeria-on-line/obra/cristo-crucificado-1/}
}
@misc{RefWorks:53,
     year={2014},
     title={Arteespana.com, Arte en España [sede Web]},
     volume={2014},
     month={01/15},
     url={http://www.arteespana.com/}
}
@misc{RefWorks:54,
     year={2014},
     title={ArteHistoria: La página del Arte y la Cultura en Español [sede Web]},
     volume={2014},
     number={01/20},
     url={http://www.artehistoria.jcyl.es/}
}
@misc{RefWorks:7,
     year={2013},
     title={Definition of art [sede Web]},
     volume={2013},
     number={11/17},
     url={http://www.oxforddictionaries.com/definition/english/art}
}
@misc{RefWorks:32,
     year={2013},
     title={Learning bodies of knowledge. Vesalius's Renaissance anatomy lessons [sede Web]},
     volume={2014},
     number={01/14},
     url={http://www.bl.uk/learning/artimages/bodies/vesalius/renaissance.html}
}
@misc{RefWorks:33,
     year={2013},
     title={Brought to life. Exploring the History of Medicine. Using the dead [sede Web]},
     volume={2014},
     number={01/14},
     url={http://www.sciencemuseum.org.uk/broughttolife/themes/understandingthebody/dead.aspx}
}
@misc{RefWorks:41,
     year={2013},
     title={De humani corporis fabrica. Andreae Vesalii [sede Web]},
     volume={2014},
     number={02/03},
     url={http://archive.nlm.nih.gov/proj/ttp/flash/vesalius/vesalius.html}
}
@misc{RefWorks:6,
     year={2011},
     title={Surface Anatomy [sede Web]},
     volume={2013},
     number={11/17},
     url={http://www.wikiradiography.com/page/Surface+Anatomy}
}
@book{RefWorks:18,
     year={2000},
     title={Crucifixion},
     publisher={Phaidon},
     pages={242},
     note={:todo il; bcam},
     keywords={Jesucristo; Pasión; Arte; Arte cristiano; Arte y religión},
     isbn={0714839418}
}
@book{RefWorks:28,
     year={1988},
     title={Dalí},
     publisher={SARPE},
     pages={93},
     note={:il; BATO},
     keywords={Dalí; 1904-1989},
     isbn={8477000875}
}
@book{RefWorks:29,
     year={1988},
     title={Velázquez},
     publisher={SARPE},
     pages={93},
     note={:il; BATO},
     keywords={Velázquez; 1599-1660},
     isbn={8477001065}
}
@book{RefWorks:30,
     year={1988},
     title={El Greco},
     publisher={SARPE},
     pages={93},
     note={:il; BATO},
     keywords={El Greco; 1541-1614},
     isbn={8477000883}
}
@misc{RefWorks:43,
     title={History of crosses [sede Web]},
     volume={2014},
     number={02/05},
     url={http://www.crosses.org/history.htm}
}
@misc{RefWorks:47,
     title={Art en línia. Cinquecento. Mantegna: Cristo Muerto [sede Web]},
     volume={2014},
     number={01/19},
     url={http://cv.uoc.edu/~04\_999\_01\_u07/percepcions/perc57.html}
}
misc{RefWorks:48,
     title={Christ on the Cross. El Greco},
     volume={2014},
     number={01/28},
     url={http://www.getty.edu/art/gettyguide/artObjectDetails?artobj=138292&handle=li}
}
@book{RefWorks:12,
     author={Eva Bargalló Chaves},
     year={2009},
     title={Atlas de historia del arte},
     publisher={Verticales de Bolsillo},
     pages={202},
     note={[texto, Eva Bargalló]; : il; Índices; VCMS; Descubrir (Verticales)},
     keywords={Arte-; Atlas; Historia},
     isbn={9788434236066}
}
@book{RefWorks:40,
     author={José Barón Fernández},
     year={1970},
     title={Andrés Vesalio, su vida y su obra.},
     publisher={Editorial CSIC - CSIC Press},
     address={Valencia},
     pages={312}
}
@article{RefWorks:22,
     author={Joseph W. Bergeron},
     year={2012},
     month={4},
     title={The crucifixion of Jesus: Review of hypothesized mechanisms of death and implications of shock and trauma-induced coagulopathy},
     journal={Journal of Forensic and Legal Medicine},
     volume={19},
     number={3},
     pages={113-116},
     keywords={Jesus; Crucifixion; Shock; Trauma-induced coagulopathy},
     isbn={1752-928X}
}
@misc{RefWorks:39,
     author={Robert Bucklin},
     year={Reprinted from Medicine, Science and the Law, January, 1970},
     title={The legal and medical aspects of the trial and death of Christ [sede Web]},
     volume={2014},
     number={01/23},
     url={http://www.shroud.com/bucklin2.htm}
}
@book{RefWorks:21,
     author={Eva Cantarella},
     year={1996},
     title={Los suplicios capitales en Grecia y Roma :orígenes y funciones de la pena de muerte en la antigüedad clásica},
     publisher={Akal},
     volume={177},
     pages={336},
     note={Eva Cantarella ; traducción de M.P. Bouyssou y M.V. García Quintela.; Serie Interdisciplinar; DEAR},
     keywords={Pena de muerte; Roma; Grecia},
     isbn={8446004682}
}
@book{RefWorks:14,
     author={Miquel Caralt and Fernando Casal},
     year={2012},
     title={La historia del arte explicada a los jóvenes},
     publisher={Paidós},
     pages={222},
     note={Miquel Caralt y Fernando Casal; , [16] p. de il; BAEM; Contextos (Paidós)},
     keywords={Arte - Historia},
     isbn={9788449326028}
}
@misc{RefWorks:31,
     author={Photius Coutsoukis},
     year={2007},
     title={Human anatomy [sede Web]},
     volume={2013},
     number={11/17},
     url={http://www.theodora.com/anatomy/introduction.html}
}
@misc{RefWorks:8,
     author={Cpascub},
     year={2010},
     title={Proporciones del cuerpo humano: Estudio sobre las relaciones proporcionales del cuerpo humano y su aplicación en la representación artística [sede Web]},
     volume={2013},
     number={11/17},
     url={http://es.scribd.com/doc/30286487/Proporciones-Del-Cuerpo-Humano}
}
@book{RefWorks:35,
     author={Francisco de Paula Mellado and Antonio González Caldas},
     year={1852},
     title={Enciclopedia moderna, 11: diccionario universal de literatura, ciencias, artes, agricultura, industria y comercio.},
     publisher={Establecimiento tipográfico de Mellado},
     address={Madrid},
     volume={11},
     pages={1082-805-811},
     keywords={Crucifixión},
     url={http://books.google.es/books?id=67WynKC4stkC&printsec=frontcover&hl=es#v=onepage&q&f=false}
}
@misc{RefWorks:38,
     author={Douglas Ezell},
     year={2013},
     title={Crucifixion [sede Web]},
     volume={2014},
     number={01/20},
     url={http://mb-soft.com/believe/text/crucifix.htm}
}
@misc{RefWorks:46,
     author={Julián González and Universidad Francisco Marroquín (UFM)},
     year={2008},
     title={Andrea Mantegna. Lamentación sobre Cristo muerto. Óleo sobre tela. En torno a 1480-1490 [sede Web]
},
     volume={2014},
     number={01/23},
     url={http://educacion.ufm.edu/andrea-mantegna-lamentacion-sobre-cristo-muerto-oleo-sobre-tela-en-torno-a-1480-1490/}
}
@book{RefWorks:5,
     author={Ricardo Horcajada González},
     year={2011},
     title={Apuntes generales de anatomía morfológica aplicada. Cánones y proporciones.  },
     pages={29}
}
@misc{RefWorks:50,
     author={David López Vizcaíno and Miguel Ángel Olmedo Fornas},
     year={2011},
     title={Cristo de San Juan de la Cruz. El sueño místico de Dalí [sede Web]},
     volume={2014},
     number={01/25},
     url={http://www.xn--esarteespaol-jhb.es/contenido.php?recordID=11}
}
@book{RefWorks:4,
     author={John S. P. Lumley},
     year={1992},
     title={Anatomía de superficie :las bases anatómicas del examen físico},
     publisher={Alhambra Longman},
     pages={104},
     note={John S.P. Lumley ; versión española Pilar Ramón.; : il. col; BCRA},
     keywords={Anatomía topográfica; Atlas},
     isbn={8420520063}
}
@article{RefWorks:25,
     author={B. Lussiez},
     year={2005},
     month={0},
     title={Anatomie de la crucifixion},
     journal={Chirurgie de la main},
     volume={24},
     number={3–4},
     pages={132-147},
     keywords={Anatomie; Crucifixion; Poignet; Anatomy; Wrist},
     isbn={1297-3203}
}
@book{RefWorks:27,
     author={Evaristo Martín Nieto},
     year={2001},
     title={La Santa Biblia},
     publisher={San Pablo},
     edition={16a},
     pages={1856},
     note={Biblia. Español.; traducida de los textos originales en equipo bajo la dirección del Dr. Evaristo Martín Nieto.; , [16] p. de lám. col; VCTM},
     isbn={8428512752}
}
@book{RefWorks:52,
     author={Nigel Palastanga and Derek Field and Roger Soames},
     year={2000},
     title={Anatomía y movimiento humano :estructura y funcionamiento},
     publisher={Paidotribo},
     pages={606},
     note={autores, Nigel Palastanga, Derek Field, Roger Soames ; [traducido por, Pedro González del Campo Román].; :il; PREA},
     keywords={Aparato locomotor; Anatomía; Anatomía humana; Articulaciones; Amplitud de movimiento; Deportes; Aspecto fisiológico},
     isbn={8480195002}
}
@book{RefWorks:26,
     author={Juan Antonio Ramírez and Adolfo Gómez Cedillo and Joaquín Bérchez and Valeriano Bozal and Agustín Bustamante García and Rosario Camacho Martínez and Fernando Checa Cremades and Fernando Marías and Germán Ramallo and Enrique Valdivieso},
     year={2005},
     title={Historia del arte},
     publisher={Alianza},
     note={dirigida por Juan Antonio RamÃ­rez ; coordinada por Adolfo GÃ³mez Cedillo.; V. ; 1997; V. IV: El mundo contemporaneo / Jaime Brihuega...[et al.] . -- XIV, 463 p. : il.; Ramírez,J.A.Historia del arte.V.IV: Mundo contemporáneo; BARA; El mundo contemporáneo},
     keywords={Arte; Siglo XX; Historia},
     isbn={8420694843; 8420642703; 8420642746; 9788420694832; 8420694800}
}
@misc{RefWorks:9,
     author={Edith Ramos Palomino},
     year={2011},
     title={Cánon de la Figura Humana [sede Web]},
     volume={2013},
     number={11/17},
     url={http://es.scribd.com/doc/58358634/Canon-de-La-Figura-Humana}
}
@article{RefWorks:37,
     author={W. Reid Litchfield},
     year={1997-1998},
     title={The search for the physical cause of Jesus Christs death},
     journal={BYU studies},
     volume={37},
     number={4},
     pages={93-106}
}
@article{RefWorks:45,
     author={Alfonso Rodríguez G. de Ceballos},
     year={2004},
     title={El Cristo crucificado de Velázquez: Trasfondo histórico-religioso.},
     journal={AEA},
     volume={77},
     pages={5-19},
     url={http://archivoespañoldearte.revistas.csic.es}
}
@article{RefWorks:36,
     author={Laura Rodríguez Peinado},
     year={2010},
     title={La crucifixión},
     journal={Revista Digital de Iconografía Medieval},
     volume={2},
     number={4},
     pages={29-40}
}
@article{RefWorks:34,
     author={José Alfredo Sillau Gilone},
     year={2005},
     title={Historia de la anatomía},
     journal={Revista de la sociedad peruana de neumología},
     volume={49},
     number={1, 2 y 3}
}
@book{RefWorks:13,
     author={J. R. Triadó Tur and Maribel Pendás García and Xavier Triadó Subirana},
     year={2009},
     title={Historia del arte},
     publisher={Vicens Vives},
     pages={440},
     note={J. R. Triadó Tur, M. Pendás García, X. Triadó Subirana.; :il. +1 disco compacto (CD-ROM; BCSM; Bachillerato (Vicens Vives)},
     keywords={Arte; Estudio y enseñanza (Secundaria); Historia; Libros de texto},
     isbn={9788431669249}
}
@misc{RefWorks:44,
     author={Vicente Viñas Torner},
     title={El Cristo dibujado por San Juan de la Cruz},
     pages={313-325}
}
@book{RefWorks:60,
     author={Jay Dix and Michael Graham},
     year={2000},
     title={Time of death, decomposition and identification},
     publisher={CRC Press LLC},
     address={Estados Unidos},
     isbn={0849323673}
}
@book{RefWorks:56,
     author={Cedric Mims},
     year={1999},
     title={When We die},
     publisher={Robinson},
     pages={370},
     note={Cedric Mims.; BALF},
     keywords={Muerte},
     isbn={1841190748}
}
@book{RefWorks:55,
     author={Ricardo Royo Villanova y Morales},
     year={1960},
     title={Rigor mortis :estudio médico-forense},
     publisher={Lex},
     pages={72},
     note={por Ricardo Royo -Villanova y Morales.; DEIC},
     keywords={Rigidez cadavérica; Medicina legal}
}
@article{RefWorks:58,
     author={José Delfín Villalaín},
     year={2010},
     title={Estudio de la rigidez cadavérica que presenta la Síndone de Turín},
     journal={Cuadernos de medicina forense},
     volume={16},
     number={1-2},
     isbn={1135-7606}
}
@misc{RefWorks:59,
     author={José Delfín Villalaín},
     title={Momento en que se produjo la imagen sindónica. Valoración de la medicina legal.},
}